@article{grandi,
  title={Unravelling multi-agent ranked delegations},
  author={Colley, Rachael and Grandi, Umberto and Novaro, Arianna},
  journal={Autonomous Agents and Multi-Agent Systems},
  volume={36},
  number={1},
  pages={1--35},
  year={2022},
  publisher={Springer}
}

@article{kotsialou,
  title={Incentivising participation in liquid democracy with breadth-first delegation},
  author={Kotsialou, Grammateia and Riley, Luke},
  journal={arXiv preprint arXiv:1811.03710},
  year={2018}
}

@inproceedings{konczak2005voting,
  title={Voting procedures with incomplete preferences},
  author={Konczak, Kathrin and Lang, J{\'e}r{\^o}me},
  booktitle={Proc. IJCAI-05 Multidisciplinary Workshop on Advances in Preference Handling},
  volume={20},
  year={2005},
  organization={Citeseer}
}
